@article{harding,
    author = "N. Harding{,} R. Nigmatullin{,} M. Prokopenko",
    title = "Thermodynamic efficiency of contagions: a statistical mechanical analysis of the SIS epidemic model",
    journal = "Interface Focus",
    volume = "8",
    number = "20180036",
    year = "2018",
    DOI = "https://doi.org/10.1098/rsfs.2018.0036",
    keywords = "SIS epidemics, thermodynamic efficiency,
maximum entropy principle, Fisher
information, criticality"
}

@article{houlihan,
    author =       "C. F. Houlihan{,} J. AG Whitworth",
    title =        "Outbreak science: recent progress in the detection and response to outbreaks of infectious diseases",
    journal =      "Clinical Medicine",
    volume =       "19",
    number =       "2",
    pages =        "140--144",
    year =         "2019",
    DOI =          "https://dx.doi.org/10.7861\%2Fclinmedicine.19-2-140",
}

@article{crisostomo,
    author =       "C. P. Crisostomo{,} C. M. N. Piñol",
    title =        "An Ising-based Model for the Spread of Infection",
    journal =      "Clinical Medicine",
    volume =       "19",
    number =       "2",
    pages =        "140--144",
    year =         "2019",
    DOI =          "10.5281/zenodo.1057395",
}

@misc{polin,
    author = "M. Polin{.} University of Warwick",
    howpublished = "University Lecture",
    year = "2019",
    title = "03: Phase Transitions Part II{,} PX366 Statistical Physics",
    date = "delivered January 2019"

}

@book{SSS,
    TITLE = "Simulations for Solid State Physics",
  SUBTITLE = "An interactive resource for students and teachers",
  AUTHOR = "R. H. Silsbee{,} J. Dräger",
  YEAR = "1997",
  PUBLISHER = "Cambridge University Press"
}

@unpublished{naskar_fields,
    author =       "M. Naskar{,} M. Acharyya",
    title =        "Effects of random fields on the reversal of magnetisation of Ising ferromagnet",
    year =         "2019",
    note =          "Unpublished",
    url = "https://arxiv.org/pdf/1908.09268.pdf"
}

@article{ryu,
    author =       "S. Ryu{,} W. Cai",
    title =        "Validity of classical nucleation theory for Ising models",
    journal =      "Phys. Rev. E",
    volume =       "81",
    number =       "030601",
    year =         "2010",
    DOI =          "https://doi.org/10.1103/PhysRevE.81.030601",
}

@article{onsager,
  author = {L. Onsager},
  title = {Crystal Statistics. I. A Two-Dimensional Model with an Order-Disorder Transition},
  journal = {Phys. Rev.},
  volume = {65},
  pages = {117--149},
  numpages = {0},
  year = {1944},
  publisher = {American Physical Society},
  doi = "10.1103/PhysRev.65.117",
}

@misc{klein,
    author = "B. Klein{,} H. Gould{,} J. Tobochnik{.} Boston University",
    howpublished = "University Lecture",
    year = "2012",
    title = "Chapter 3: Becker-Doring Theory and the Droplet Model{,} Physics 747{,} Advanced Statistical Mechanics",
    date = "delivered 1 October 2012"

}

@phdthesis{brendel,
title = "Nucleation in the Two-Dimensional Ising Model",
    school   = {Utrecht University},
    author   = {K. Brendel},
    year     = "9 January 2006",
    url     = {https://dspace.library.uu.nl/bitstream/1874/7933/12/full.pdf}
}

@unpublished{acharyya,
    author =       "M. Acharyya",
    title =        "Nucleation in two dimensional Ising system: Classical theory and computer simulation",
    year =         "1997",
    note =          "Unpublished",
    url = "https://arxiv.org/pdf/cond-mat/9707296.pdf"
}

@article{wu,
    author =       "F. Wu{,} S. Zhao et al",
    title =        "A new coronavirus associated with human respiratory disease in Chinas",
    journal =      "Nature",
    year =         "2020",
    DOI =          "https://doi.org/10.1038/s41586-020-2008-3",
}

@article{liccardo,
    author =       "A. Liccardo{,} A. Fierro",
    title =        "A Lattice Model for Influenza Spreading",
    journal =      "PLOS ONE",
    volume =       "8",
    number =       "5",
    pages =        "e63935",
    year =         "May 2013",
    DOI =          "https://doi.org/10.1371/journal.pone.0063935",
}

@online{zhao, 
    author = "S. Zhao{,} Q. Lin et al",
    title = "Preliminary estimation of the basic reproduction number of novel coronavirus (2019-nCoV) in China, from 2019 to 2020: A data-driven analysis in the early phase of the outbreak",
    journal = "IJID",
    note = "In Press Journal Pre-Proof",
    DOI = "https://doi.org/10.1016/j.ijid.2020.01.050"
    
}
